<record><leader>00000cas a22000007a 4500</leader><controlfield tag="001">9430530</controlfield><controlfield tag="008">830420d1872187umauwr ne      0    0eng d</controlfield><datafield ind1=" " ind2=" " tag="010"><subfield code="a">sn 83020578 </subfield></datafield><datafield ind1=" " ind2=" " tag="040"><subfield code="a">NPX</subfield><subfield code="b">eng</subfield><subfield code="c">NPX</subfield><subfield code="d">NPU</subfield><subfield code="d">MGN</subfield><subfield code="d">OCLCQ</subfield></datafield><datafield ind1=" " ind2=" " tag="042"><subfield code="a">msc</subfield></datafield><datafield ind1=" " ind2=" " tag="043"><subfield code="a">n-us-ma</subfield></datafield><datafield ind1="0" ind2="0" tag="245"><subfield code="a">Medway journal.</subfield></datafield><datafield ind1=" " ind2=" " tag="260"><subfield code="a">Medway, Mass. :</subfield><subfield code="b">[James M. Stewart]</subfield></datafield><datafield ind1=" " ind2=" " tag="300"><subfield code="a">v. ;</subfield><subfield code="c">66 cm.</subfield></datafield><datafield ind1=" " ind2=" " tag="310"><subfield code="a">Weekly</subfield></datafield><datafield ind1=" " ind2=" " tag="321"><subfield code="a">Semimonthly,</subfield><subfield code="b">Feb. 10-Oct. 19, 1872</subfield></datafield><datafield ind1="1" ind2=" " tag="362"><subfield code="a">Began Feb. 10, 1872.</subfield></datafield><datafield ind1=" " ind2=" " tag="500"><subfield code="a">Place of publication is given also as Franklin, Mass., &lt;1875&gt;.</subfield></datafield><datafield ind1=" " ind2=" " tag="500"><subfield code="a">Publishers: Henry A. Bullard, Feb. 10, 1872-Feb. 1873; James M. Stewart, Feb. 1873-1874, &lt;1877&gt;; H.F. Stewart, &lt;1874&gt;; Stewart &amp; Haskell, &lt;1875&gt;.</subfield></datafield><datafield ind1=" " ind2=" " tag="500"><subfield code="a">Publisher's name recorded in Rowell, 1873.</subfield></datafield><datafield ind1=" " ind2=" " tag="500"><subfield code="a">Editors: H.A. Bullard, Feb. 10, 1872-Feb. 1873; J.M. Stewart, Feb. 1873-1874, &lt;1877&gt;; Henry F. Stewart, &lt;1875&gt;.</subfield></datafield><datafield ind1=" " ind2=" " tag="588"><subfield code="a">Description based on: Vol. 1, no. 29 (Apr. 25, 1873).</subfield></datafield><datafield ind1=" " ind2=" " tag="752"><subfield code="a">United States</subfield><subfield code="b">Massachusetts</subfield><subfield code="c">Norfolk</subfield><subfield code="d">Medway.</subfield></datafield><datafield ind1=" " ind2=" " tag="752"><subfield code="a">United States</subfield><subfield code="b">Massachusetts</subfield><subfield code="c">Norfolk</subfield><subfield code="d">Franklin.</subfield></datafield><datafield ind1="1" ind2=" " tag="029"><subfield code="a">AU@</subfield><subfield code="b">000025793512</subfield></datafield></record>